@article{toricmirror,
  title={Dual polyhedra and mirror symmetry for Calabi-Yau hypersurfaces in toric varieties},
  author={Batyrev, Victor V},
  journal={arXiv preprint alg-geom/9310003},
  year={1993}
}

@article{gitauto,
  title={Autoequivalences of derived categories via geometric invariant theory},
  author={Halpern-Leistner, Daniel and Shipman, Ian},
  journal={Advances in Mathematics},
  volume={303},
  pages={1264--1299},
  year={2016},
  publisher={Elsevier}
}

@article{spherical,
  title={New derived symmetries of some hyperk√§hler varieties},
  author={Addington, Nicolas},
  journal={arXiv preprint arXiv:1112.0487},
  year={2011}
}

@article{mirrorsym,
  title={A pair of Calabi-Yau manifolds as an exactly soluble superconformal theory},
  author={Candelas, Philip and Xenia, C and Green, Paul S and Parkes, Linda},
  journal={Nuclear Physics B},
  volume={359},
  number={1},
  pages={21--74},
  year={1991},
  publisher={Elsevier}
}

@article{syz,
  title={Mirror symmetry is T-duality},
  author={Strominger, Andrew and Yau, Shing-Tung and Zaslow, Eric},
  journal={Nuclear Physics B},
  volume={479},
  number={1-2},
  pages={243--259},
  year={1996},
  publisher={Elsevier}
}

@article{scft,
  title={The axial vector current in beta decay},
  author={Gell-Mann, Murray and L{\'e}vy, Maurice},
  journal={Il Nuovo Cimento (1955-1965)},
  volume={16},
  number={4},
  pages={705--726},
  year={1960},
  publisher={Springer}
}

@book{goreskylefschetztype,
  title={Stratified morse theory},
  author={Goresky, Mark and MacPherson, Robert and Goresky, Mark and MacPherson, Robert},
  year={1988},
  publisher={Springer}
}

@article{hammlefschetz,
  title={Lefschetz theorems for singular varieties},
  author={Hamm, Helmut A},
  journal={Singularities},
  pages={547--557},
  year={1983},
  publisher={American Mathematical Society}
}

@article{horivafa,
  title={Mirror symmetry},
  author={Hori, Kentaro and Vafa, Cumrun},
  journal={arXiv preprint hep-th/0002222},
  year={2000}
}

@article{huang2022gkz,
  title={GKZ discriminant and Multiplicities},
  author={Huang, Jesse and Zhou, Peng},
  journal={arXiv preprint arXiv:2206.14778},
  year={2022}
}

@book{gelfand1994discriminants,
  title={A-discriminants},
  author={Gelfand, Israel M and Kapranov, Mikhail M and Zelevinsky, Andrei V and Gelfand, Israel M and Kapranov, Mikhail M and Zelevinsky, Andrei V},
  year={1994},
  publisher={Springer}
}

@article{kite2022discriminants,
  title={Discriminants and semi-orthogonal decompositions},
  author={Kite, Alex and Segal, Ed},
  journal={Communications in Mathematical Physics},
  volume={390},
  number={2},
  pages={907--931},
  year={2022},
  publisher={Springer}
}


@book{cox1999mirror,
  title={Mirror symmetry and algebraic geometry},
  author={Cox, David A and Katz, Sheldon},
  volume={68},
  year={1999},
  publisher={American Mathematical Society Providence, RI}
}

@article{halpern2020combinatorial,
  title={Combinatorial constructions of derived equivalences},
  author={Halpern-Leistner, Daniel and Sam, Steven},
  journal={Journal of the American Mathematical Society},
  volume={33},
  number={3},
  pages={735--773},
  year={2020}
}

@book{mumford1994geometric,
  title={Geometric invariant theory},
  author={Mumford, David and Fogarty, John and Kirwan, Frances},
  volume={34},
  year={1994},
  publisher={Springer Science \& Business Media}
}


@article{derivedgit,
  title={The derived category of a GIT quotient},
  author={Halpern-Leistner, Daniel},
  journal={Journal of the American Mathematical Society},
  volume={28},
  number={3},
  pages={871--912},
  year={2015}
}

@article{coates2018crepant,
  title={The crepant transformation conjecture for toric complete intersections},
  author={Coates, Tom and Iritani, Hiroshi and Jiang, Yunfeng},
  journal={Advances in Mathematics},
  volume={329},
  pages={1002--1087},
  year={2018},
  publisher={Elsevier}
}

@book{seidelfukaya,
  title={Fukaya categories and Picard-Lefschetz theory},
  author={Seidel, Paul},
  volume={10},
  year={2008},
  publisher={European Mathematical Society}
}

@article{borisov2005orbifold,
  title={The orbifold Chow ring of toric Deligne-Mumford stacks},
  author={Borisov, Lev and Chen, Linda and Smith, Gregory},
  journal={Journal of the American Mathematical Society},
  volume={18},
  number={1},
  pages={193--215},
  year={2005}
}

@inproceedings{cogolludo,
  title={Braid monodromy of algebraic curves},
  author={Cogolludo-Agust{\'\i}n, Jos{\'e} Ignacio},
  booktitle={Annales math{\'e}matiques Blaise Pascal},
  volume={18},
  number={1},
  pages={141--209},
  year={2011}
}

@article{batyrev,
  title={Dual polyhedra and mirror symmetry for Calabi-Yau hypersurfaces in toric varieties},
  author={Batyrev, Victor V},
  journal={arXiv preprint alg-geom/9310003},
  year={1993}
}

@book{mumford,
  title={Geometric invariant theory},
  author={Mumford, David and Fogarty, John and Kirwan, Frances},
  volume={34},
  year={1994},
  publisher={Springer Science \& Business Media}
}

@book{huybrechts,
  title={Fourier-Mukai transforms in algebraic geometry},
  author={Huybrechts, Daniel},
  year={2006},
  publisher={Clarendon Press}
}